@phdthesis{reidphd,
  author = {Reid, David J.},
  year = 1969,
  title = {A comparative study of time series prediction techniques on economic data},
  school = {University of Nottingham},
  address = {Nottingham, UK},
}

% Generated by Paperpile. Check out http://paperpile.com for more information.
% BibTeX export options can be customized via Settings -> BibTeX.

@ARTICLE{Makridakis2018-iw,
  title     = "The {M4} Competition: Results, findings, conclusion and way
               forward",
  author    = "Makridakis, Spyros and Spiliotis, Evangelos and Assimakopoulos,
               Vassilios",
  journal   = "International Journal of Forecasting",
  publisher = "Elsevier",
  volume    =  34,
  number    =  4,
  pages     = "802--808",
  month     =  oct,
  year      =  2018,
  url       = "http://www.sciencedirect.com/science/article/pii/S0169207018300785",
  keywords  = "Forecasting competitions; M Competitions; Forecasting accuracy;
               Prediction intervals (PIs); Time series methods; Machine
               Learning (ML) methods; Benchmarking methods; Practice of
               forecasting;Forecasting competitions"
}

@ARTICLE{Makridakis1993-po,
  title    = "The M2-competition: A real-time judgmentally based forecasting
              study",
  author   = "Makridakis, Spyros and Chatfield, Chris and Hibon, Mich{\`e}le
              and Lawrence, Michael and Mills, Terence and Ord, Keith and
              Simmons, Leroy F",
  journal  = "International Journal of Forecasting",
  volume   =  9,
  number   =  1,
  pages    = "5--22",
  month    =  apr,
  year     =  1993,
  url      = "http://www.sciencedirect.com/science/article/pii/016920709390044N",
  keywords = "Time series methods; Forecast accuracy; Time series forecasting;
              Judgmental forecasting; Empirical competitions;
              M-Competition;Forecasting competitions;Judgemental forecasting"
}

@ARTICLE{Armstrong2001-xk,
  title     = "Should we redesign forecasting competitions?",
  author    = "Armstrong, J",
  publisher = "papers.ssrn.com",
  year      =  2001,
  url       = "https://papers.ssrn.com/sol3/papers.cfm?abstract_id=662563",
  keywords  = "Forecasting competitions"
}

@ARTICLE{Clements1999-qd,
  title     = "On winning forecasting competitions in economics",
  author    = "Clements, Michael P and Hendry, David F",
  journal   = "Spanish Economic Review",
  publisher = "Springer",
  volume    =  1,
  number    =  2,
  pages     = "123--160",
  month     =  jul,
  year      =  1999,
  url       = "https://doi.org/10.1007/s101080050006",
  keywords  = "Forecasting competitions"
}

@INCOLLECTION{Fildes2002-pp,
  title     = "Forecasting competitions: their role in improving forecasting
               practice and research",
  booktitle = "A companion to economic forecasting",
  author    = "Fildes, Robert and Ord, Keith",
  editor    = "Clements, Michael and Hendry, David",
  publisher = "Oxford, Blackwell",
  pages     = "322--353",
  year      =  2002,
  url       = "https://books.google.com/books?hl=en&lr=&id=OfMyNiMbUAgC&oi=fnd&pg=PA322&dq=forecasting+competitions&ots=uorXJun7y6&sig=OeFJWAbhKO3V7ueIQP1twAfPrC4",
  keywords  = "Forecasting competitions"
}

@ARTICLE{Hendry2001-iq,
  title     = "Explaining the Results of the {M3} Forecasting Competition",
  author    = "Hendry, David F",
  journal   = "https://ora.ox.ac.uk/objects/uuid:706ab652-4fb1-48a4-8bdf.../ATTACHMENT01",
  publisher = "Elsevier",
  year      =  2001,
  url       = "https://ora.ox.ac.uk/objects/uuid:706ab652-4fb1-48a4-8bdf-7922a62d9f92/datastreams/ATTACHMENT01",
  keywords  = "Forecasting competitions"
}

@ARTICLE{Cordeiro2009-bg,
  title     = "Forecasting time series with Boot. {EXPOS} procedure",
  author    = "Cordeiro, C and Neves, M M",
  journal   = "Revstat statistical journal",
  publisher = "researchgate.net",
  year      =  2009,
  url       = "https://www.researchgate.net/profile/Clara_Cordeiro/publication/236874008_Forecasting_time_series_with_BootEXPOS_procedure/links/02e7e519ca54b4f035000000.pdf",
  keywords  = "Forecasting competitions"
}

@ARTICLE{Hong2014-fa,
  title     = "Global Energy Forecasting Competition 2012",
  author    = "Hong, Tao and Pinson, Pierre and Fan, Shu",
  journal   = "International Journal of Forecasting",
  publisher = "Elsevier",
  volume    =  30,
  number    =  2,
  pages     = "357--363",
  month     =  apr,
  year      =  2014,
  url       = "http://www.sciencedirect.com/science/article/pii/S0169207013000745",
  keywords  = "Forecasting competitions"
}

@ARTICLE{NewboldGranger74,
  title     = "Experience with forecasting univariate time series and the
               combination of forecasts (with discussion)",
  author    = "Newbold, Paul and Granger, Clive W J",
  journal   = "Journal of the Royal Statistical Society. Series A",
  volume    =  137,
  number    =  2,
  pages     = "131--165",
  year      =  1974,
}

@UNPUBLISHED{Grushka-Cockayne2015-at,
  title    = "Proper Scoring Rules That Are Sensitive to Bracketing",
  author   = "Grushka-Cockayne, Yael and Lichtendahl, Kenneth C and Jose,
              Victor Richmond R and Winkler, Robert L",
  month    =  jul,
  year     =  2015,
  url      = "http://papers.ssrn.com/sol3/papers.cfm?abstract_id=2628322",
  keywords = "Forecasting competitions"
}

@ARTICLE{Wallis2014,
  title     = "Revisiting Francis Galton's forecasting competition",
  author    = "Wallis, Kenneth F",
  journal   = "Statistical Science",
  publisher = "Institute of Mathematical Statistics",
  volume    =  29,
  number    =  3,
  pages     = "420--424",
  month     =  aug,
  year      =  2014,
  url       = "http://projecteuclid.org/euclid.ss/1411437521",
  keywords  = "Forecast competitions; forecast combinations; two-piece
               distributions; skewness; kurtosis; the wisdom of
               crowds;Forecasting competitions"
}

@ARTICLE{NN3,
  title    = "Advances in forecasting with neural networks? Empirical evidence
              from the {NN3} competition on time series prediction",
  author   = "Crone, Sven F. and Hibon, Mich{\`e}le and Nikolopoulos,
              Konstantinos",
  journal  = "International Journal of Forecasting",
  volume   =  27,
  number   =  3,
  pages    = "635--660",
  month    =  jul,
  year     =  2011,
  url      = "http://dx.doi.org/10.1016/j.ijforecast.2011.04.001",
  keywords = "artificial neural networks; computational intelligence; empirical
              evaluation; nn3 competition; time series
              forecasting;FPP;Classics;Forecasting competitions"
}

@MISC{Crone2009-ae,
  title        = "{NN5} forecasting competition",
  author       = "Crone, Sven F.",
  year         =  2009,
  url          = "http://www.neural-forecasting-competition.com/NN5/datasets.htm",
  howpublished = "\url{http://www.neural-forecasting-competition.com/NN5/datasets.htm}",
  note         = "Accessed: 2012-8-13",
  keywords     = "Rectify;Forecasting competitions"
}

@ARTICLE{M3,
  title    = "The {M3-Competition}: results, conclusions and implications",
  author   = "Makridakis, Spyros G and Hibon, Mich{\`e}le",
  journal  = "International Journal of Forecasting",
  volume   =  16,
  number   =  4,
  pages    = "451--476",
  year     =  2000,
  url      = "http://dx.doi.org/10.1016/S0169-2070(00)00057-1",
  annote   = "From Duplicate 2 ( The M3-Competition: Results, conclusions and
              implications - Makridakis, Spyros G; Hibon, Mich{\`e}le ) File
              1356",
  keywords = "Comparative methods-Time series: Univariate;
              Forec;Rectify;Automatic
              forecasting;Classics;Hierarchical;Forecasting competitions"
}

@ARTICLE{Song2003-cf,
  title    = "Tourism forecasting: accuracy of alternative econometric models",
  author   = "Song, Haiyan and Witt, Stephen F and Jensen, Thomas C",
  journal  = "International Journal of Forecasting",
  volume   =  19,
  pages    = "123--141",
  year     =  2003,
  url      = "http://dx.doi.org/10.1016/S0169-2070(01)00134-0",
  keywords = "Accuracy comparisons; Econometric models; regart; Tourism
              forecasting;Forecasting competitions"
}

@ARTICLE{AH11,
  title     = "The value of feedback in forecasting competitions",
  author    = "Athanasopoulos, George and Hyndman, Rob J",
  journal   = "International Journal of Forecasting",
  publisher = "Elsevier B.V.",
  volume    =  27,
  number    =  3,
  pages     = "845--849",
  month     =  jul,
  year      =  2011,
  url       = "http://dx.doi.org/10.1016/j.ijforecast.2011.03.002",
  keywords  = "kaggle; online competition; public leaderboard; revising
               forecasts; tourism;rjhpubs;Forecasting competitions"
}

@ARTICLE{Tashman1996-uq,
  title    = "The use of protocols to select exponential smoothing procedures:
              a reconsideration of forecasting competitions",
  author   = "Tashman, Leonard J and Kruk, Joshua M",
  journal  = "International Journal of Forecasting",
  volume   =  12,
  pages    = "235--253",
  year     =  1996,
  annote   = "From Duplicate 2 ( The use of protocols to select exponential
              smoothing procedures: a reconsideration of forecasting
              competitions - Tashman, Leonard J; Kruk, Joshua M ) File 0929",
  keywords = "Exponential smoothing; Forecasting competitions; S;Exponential
              Smoothing;Forecasting competitions"
}

@ARTICLE{AHSW11,
  title     = "The tourism forecasting competition",
  author    = "Athanasopoulos, George and Hyndman, Rob J and Song, Haiyan and
               Wu, Doris C",
  journal   = "International Journal of Forecasting",
  publisher = "Elsevier B.V.",
  volume    =  27,
  number    =  3,
  pages     = "822--844",
  month     =  jul,
  year      =  2011,
  url       = "http://dx.doi.org/10.1016/j.ijforecast.2010.04.009",
  keywords  = "arima; autoregressive; distributed lag model; dynamic
               regression; exponential smoothing; state space model; time
               varying parameter model; vector
               autoregression;rjhpubs;Forecasting competitions"
}

@ARTICLE{Koning2005-yl,
  title    = "The {M3} competition: Statistical tests of the results",
  author   = "Koning, Alex J and Franses, Philip Hans and Hibon, Mich{\`e}le
              and Stekler, Herman O",
  journal  = "International Journal of Forecasting",
  volume   =  21,
  number   =  3,
  pages    = "397--409",
  month    =  jul,
  year     =  2005,
  url      = "http://dx.doi.org/10.1016/j.ijforecast.2004.10.003",
  annote   = "File 1430",
  keywords = "analysis of ranks; forecasting competitions; m3 competition;
              multiple comparisons;Automatic forecasting;Forecasting
              competitions"
}

@ARTICLE{Fildes1992-jv,
  title    = "The evaluation of extrapolative forecasting methods",
  author   = "Fildes, Robert",
  journal  = "International Journal of Forecasting",
  volume   =  8,
  pages    = "81--98",
  year     =  1992,
  url      = "http://dx.doi.org/10.1016/0169-2070(92)90009-X",
  annote   = "From Duplicate 1 ( The evaluation of extrapolative forecasting
              methods - Fildes, Robert ) File 1291",
  keywords = "Comparative methods; effect of; Evaluation; Evaluation - met;
              Evaluation - time series methods; Ex ante; Loss functions;
              methodology; Outliers; regart; Robust estimation; time series;
              time series methods;Exponential
              Smoothing;Hierarchical;Forecasting competitions"
}

@ARTICLE{Koehler2001-oe,
  title    = "The asymmetry of the {sAPE} measure and other comments on the
              M3-competition",
  author   = "Koehler, Anne B",
  journal  = "International Journal of Forecasting",
  volume   =  17,
  pages    = "537--584",
  year     =  2001,
  keywords = "Forecasting competitions"
}

@ARTICLE{M1,
  title     = "The accuracy of extrapolation (time series) methods: results of
               a forecasting competition",
  author    = "Makridakis, Spyros G and Andersen, A and Carbone, Robert and
               Fildes, Robert and Hibon, Mich{\`e}le and Lewandowski, R and
               Joseph Newton, H and Parzen, Emanuel and Winkler, Robert L",
  journal   = "Journal of Forecasting",
  publisher = "John Wiley \& Sons",
  volume    =  1,
  number    =  2,
  pages     = "111--153",
  year      =  1982,
  url       = "http://www3.interscience.wiley.com/journal/113330276/abstract",
  annote    = "File 0493",
  keywords  = "Accuracy; Co; Evaluation; Forecasting; Time series;Automatic
               forecasting;Classics;Forecasting competitions"
}

@ARTICLE{Young1993-nq,
  title    = "Technological growth curves : A competition of forecasting models",
  author   = "Young, Peg",
  journal  = "Technological forecasting and social change",
  volume   =  44,
  number   =  4,
  pages    = "375--389",
  year     =  1993,
  url      = "http://www.sciencedirect.com/science/article/B6V71-45K1KT8-3C/2/aa72436b9ab0748c8f0832e06731a30d",
  annote   = "doi: DOI: 10.1016/0040-1625(93)90042-6",
  keywords = "Forecasting competitions"
}

@ARTICLE{Keith_Ord_undated-am,
  title    = "Forecasting Competitions: What do they Tell Us?",
  author   = "Keith Ord, J",
  annote   = "File 0375",
  keywords = "Forecasting competitions"
}

@ARTICLE{Andrawis2011-rz,
  title     = "Forecast combinations of computational intelligence and linear
               models for the {NN5} time series forecasting competition",
  author    = "Andrawis, Robert R and Atiya, Amir F and El-Shishiny, Hisham",
  journal   = "International Journal of Forecasting",
  publisher = "Elsevier B.V.",
  volume    =  27,
  number    =  3,
  pages     = "672--688",
  month     =  jul,
  year      =  2011,
  url       = "http://dx.doi.org/10.1016/j.ijforecast.2010.09.005",
  keywords  = "computational intelligence models; forecast combination;
               gaussian process forecasting; neural network forecasting; nn5
               competition; seasonality; time series forecasting;Forecasting
               competitions"
}

@ARTICLE{Thompson1991-hl,
  title    = "Evaluation of the M-competition forecasts via log mean squared
              error ratio",
  author   = "Thompson, Patrick A",
  journal  = "International Journal of Forecasting",
  volume   =  7,
  pages    = "331--334",
  year     =  1991,
  annote   = "File 1393",
  keywords = "Forecast accuracy; forecasting competitions;Forecasting
              competitions"
}

@ARTICLE{Makridakis1987-vl,
  title    = "Confidence intervals: An empirical investigation of the series in
              the M-competition",
  author   = "Makridakis, Spyros and Hibon, Mich{\`e}le and Lusk, Ed and
              Belhadjali, Moncef",
  journal  = "International Journal of Forecasting",
  volume   =  3,
  number   =  3,
  pages    = "489--508",
  month    =  jan,
  year     =  1987,
  url      = "http://www.sciencedirect.com/science/article/pii/0169207087900458",
  annote   = "File 1391",
  keywords = "confidence intervals; evaluation; forecasting; \{M\};
              M-Competition; Uncertainty;Forecasting competitions"
}

@ARTICLE{Lefrancois1989-lh,
  title    = "Confidence intervals for non-stationary forecast errors: some
              empirical results for the series in the M-competition",
  author   = "Lefrancois, Pierre",
  journal  = "International Journal of Forecasting",
  volume   =  5,
  pages    = "553--557",
  year     =  1989,
  annote   = "File 1390",
  keywords = "Forecasting; time series;Forecasting competitions"
}

@ARTICLE{Keith_Ord2001-ba,
  title    = "Commentaries on the {M3-Competition}",
  author   = "Keith Ord, J",
  journal  = "International Journal of Forecasting",
  volume   =  1,
  pages    = "1--51",
  year     =  2001,
  annote   = "File 0440",
  keywords = "Automatic forecasting;Forecasting competitions"
}

@ARTICLE{Melard2000-ow,
  title    = "Automatic {ARIMA} modeling including interventions, using time
              series expert software",
  author   = "M{\'e}lard, Guy and Pasteels, J.-M -M.",
  journal  = "International Journal of Forecasting",
  volume   =  16,
  pages    = "497--508",
  year     =  2000,
  url      = "http://dx.doi.org/10.1016/S0169-2070(00)00067-4",
  annote   = "From Duplicate 1 ( Automatic \{ARIMA\} modeling including
              intervention, using time series expert software - M{\'e}lard, G;
              Pasteels, J.-M ) File 1024",
  keywords = "ARIMA models; Expert system; Expert systems; Inte; Intervention
              analysis; M3-Competition; Outliers; regart;Automatic
              forecasting;Forecasting competitions"
}

@ARTICLE{Makridakis1979,
  title    = "Accuracy of forecasting: an empirical investigation (with
              discussion)",
  author   = "Makridakis, Spyros G and Hibon, Mich{\`e}le",
  journal  = "Journal of the Royal Statistical Society. Series A",
  volume   =  142,
  pages    = "97--145",
  year     =  1979,
  keywords = "Automatic forecasting;Classics;Discussion papers;Forecasting
              competitions"
}

@ARTICLE{Ben_Taieb2011-xq,
  title    = "A review and comparison of strategies for multi-step ahead time
              series forecasting based on the {NN5} forecasting competition",
  author   = "Ben Taieb, Souhaib and Bontempi, Gianluca and Atiya, Amir F and
              Sorjamaa, Antti",
  month    =  aug,
  year     =  2011,
  url      = "http://arxiv.org/abs/1108.3259",
  keywords = "Applications; Artificial Intelligence; Learning; Machine
              Learning;Forecasting competitions"
}

@ARTICLE{Meese1984-qp,
  title    = "A comparison of autoregressive univariate forecasting procedures
              for macroeconomic time series",
  author   = "Meese, R and Geweke, J F",
  journal  = "Journal of business \& economic statistics: a publication of the
              American Statistical Association",
  volume   =  2,
  pages    = "191--200",
  year     =  1984,
  keywords = "Forecasting competitions"
}

@ARTICLE{gefcom,
  title    = "A gradient boosting approach to the Kaggle load forecasting
              competition",
  author   = "Ben Taieb, Souhaib and Hyndman, Rob J",
  journal  = "International Journal of Forecasting",
  volume   =  30,
  number   =  2,
  pages    = "382--394",
  year     =  2014,
  annote   = "to appear",
  keywords = "additive models; gradient boosting; kaggle competition; machine
              learning; multi-step forecasting; short-term load
              forecasting;rjhpubs;Electricity;Forecasting competitions"
}


@BOOK{Raphals2013,
  title     = "Divination and prediction in early China and ancient Greece",
  author    = "Raphals, Lisa",
  publisher = "Cambridge University Press",
  address = {Cambridge, UK},
  year      =  2013,
}

@ARTICLE{Goodrich2000,
  title   = "The Forecast Pro methodology",
  author  = "Goodrich, Robert L",
  journal = "International Journal of Forecasting",
  volume  =  16,
  number  =  4,
  pages   = "533--535",
  year    =  2000
}

@BOOK{fpp2,
  title     = "Forecasting: principles and practice",
  author    = "Hyndman, Rob J and Athanasopoulos, George",
  publisher = "OTexts",
  edition   = "2nd edition",
  year      =  2018,
  url       = "OTexts.org/fpp2",
  address   = "Melbourne, Australia"
}


@ARTICLE{HB03,
  title     = "Unmasking the Theta method",
  author    = "Hyndman, Rob J and Billah, Md Baki",
  journal   = "International journal of forecasting",
  publisher = "Elsevier",
  volume    =  19,
  number    =  2,
  pages     = "287--290",
  month     =  jun,
  year      =  2003,
  url       = "http://dx.doi.org/10.1016/S0169-2070(01)00143-1",
  keywords  = "exponential smoothing; forecasting competitions; regart; S;
               state space models"
}
